@article{janson2019random,
  title={Random recursive trees and preferential attachment trees are random split trees},
  author={Janson, Svante},
  journal={Combinatorics, Probability and Computing},
  volume={28},
  number={1},
  pages={81--99},
  year={2019},
  publisher={Cambridge University Press}
}
@article{devroye1998universal,
  title={Universal limit laws for depths in random trees},
  author={Devroye, Luc},
  journal={SIAM Journal on Computing},
  volume={28},
  number={2},
  pages={409--432},
  year={1998},
  publisher={SIAM}
}
@book{pitman2006combinatorial,
  title={Combinatorial stochastic processes: Ecole d'et{\'e} de probabilit{\'e}s de saint-flour xxxii-2002},
  author={Pitman, Jim},
  year={2006},
  publisher={Springer}
}
@article{kingman1978representation,
  title={The representation of partition structures},
  author={Kingman, John FC},
  journal={Journal of the London Mathematical Society},
  volume={2},
  number={2},
  pages={374--380},
  year={1978},
  publisher={Oxford University Press}
}
@article{kingman1982coalescent,
  title={The coalescent},
  author={Kingman, John Frank Charles},
  journal={Stochastic processes and their applications},
  volume={13},
  number={3},
  pages={235--248},
  year={1982},
  publisher={Elsevier}
}
@article{panholzer2007level,
  title={Level of nodes in increasing trees revisited},
  author={Panholzer, Alois and Prodinger, Helmut},
  journal={Random Structures \& Algorithms},
  volume={31},
  number={2},
  pages={203--226},
  year={2007},
  publisher={Wiley Online Library}
}
@article{pitman1995exchangeable,
  title={Exchangeable and partially exchangeable random partitions},
  author={Pitman, Jim},
  journal={Probability theory and related fields},
  volume={102},
  number={2},
  pages={145--158},
  year={1995},
  publisher={Springer}
}
@book{aldous2006ecole,
  title={Ecole d'Ete de Probabilites de Saint-Flour XIII, 1983},
  author={Aldous, David J and Ibragimov, Illdar A and Jacod, Jean},
  volume={1117},
  year={2006},
  publisher={Springer}
}
@article{billingsley1995probability,
  title={Probability and measure. 3rd wiley},
  author={Billingsley, P},
  journal={New York},
  year={1995}
}
@book{johnson1995continuous,
  title={Continuous univariate distributions, volume 2},
  author={Johnson, Norman L and Kotz, Samuel and Balakrishnan, Narayanaswamy},
  volume={289},
  year={1995},
  publisher={John wiley \& sons}
}
@book{NeiningerHS,
  author         = {Ralph Neininger},
  title          = {HÃ¶here Stochastik},
  year           = {2023}
}
